<?xml version="1.0" encoding="UTF-8"?><collection xmlns="http://www.loc.gov/MARC21/slim"><record><leader>00678nam--2200193-i-4500</leader><controlfield tag="001">000017203</controlfield><controlfield tag="002">20161230</controlfield><controlfield tag="005">20170123175640</controlfield><controlfield tag="008">060222s1000------------r-----000-0-eng-d</controlfield><datafield ind1=" " ind2=" " tag="020"><subfield code="a">2863321374</subfield></datafield><datafield ind1=" " ind2=" " tag="040"><subfield code="a">IFIN-HH</subfield></datafield><datafield ind1=" " ind2=" " tag="080"><subfield code="a">539.12(061.3)</subfield></datafield><datafield ind1="1" ind2=" " tag="100"><subfield code="a">Tran, Jean Thanh Van</subfield></datafield><datafield ind1="1" ind2="0" tag="245"><subfield code="a">`93 electroweak interactions and unified theories</subfield><subfield code="b">Proceedings of the XXVIIIth rencontre de moriond series moriond particle physics meetings les arcs, Savoie, France, march 13-20 1993</subfield><subfield code="c">J. Tran Thanh Van (ed.)</subfield></datafield><datafield ind1=" " ind2=" " tag="260"><subfield code="a">Gif-sur-yvette</subfield><subfield code="b">Editions Frontieres</subfield><subfield code="c">1993</subfield></datafield><datafield ind1=" " ind2=" " tag="300"><subfield code="a">567 p</subfield></datafield><datafield ind1=" " ind2=" " tag="490"><subfield code="a">Rencontres De Moriond</subfield></datafield><datafield ind1=" " ind2=" " tag="852"><subfield code="a">80118</subfield><subfield code="c">539.12</subfield></datafield><datafield ind1=" " ind2=" " tag="CAT"><subfield code="a">SYS</subfield><subfield code="c">20170123</subfield><subfield code="h">175640</subfield></datafield></record></collection>